@article{Karloff.2010,
	title={A Model of Computation for MapReduce},
	author={Karloff, Howard and Suri, Siddharth and Vassilvitskii, Sergei},
	journal={SODA '10 Proceedings of the twenty-first annual ACM-SIAM symposium on Discrete Algorithms},
	year={2010},
	pages={938 - 948},
	isbn={9780898716986}
}

@book{Wartala.2012,
	title={Hadoop: Zuverl{\"a}ssige, verteilte und skalierbare Big-Data-Anwendungen},
	author={Wartala, Ramon},
	isbn={9783941841611},
	series={Professional reference},
	year={2012},
	publisher={Open Source Press}
}

@book{Freiknecht.2014,
	title={Big Data in der Praxis: Beispiell{\"o}sungen mit Hadoop und NoSQL. Daten speichern, aufbereiten, visualisieren},
	author={Freiknecht, Jonas},
	isbn={9783446441774},
	year={2014},
	publisher={Carl Hanser Verlag GmbH \& Company KG}
}

@book{Dean.2004,
	title={MapReduce: Simplified Data Processing on Large Clusters},
	author={Dean, Jeffrey and Ghemawat, Sanjay},
	year={2004},
	url={http://research.google.com/archive/mapreduce.html},
	publisher={Sixth Symposium on Operating System Design and Implementation}
}

@book{Fey.2008,
	title={Grid-Computing: Eine Basistechnologie F{\"u}r Computational Science},
	author={Fey, Dietmar},
	isbn={9783540797470},
	year={2008},
	publisher={Springer}
}

@Online{Beal.2015,
	title={Commodity Hardware},
	author={Beal, Vangie},
	year={2015},
	url={http://www.webopedia.com/TERM/C/commodity_hardware.html},
	urldate={2015-06-30}
}